<?xml version="1.0" encoding="UTF-8"?><collection xmlns="http://www.loc.gov/MARC21/slim"><record><leader>00365nam--2200133-i-4500</leader><controlfield tag="001">000004048</controlfield><controlfield tag="002">20161230</controlfield><controlfield tag="005">20161230201025</controlfield><controlfield tag="008">060222s1000------------r-----000-0-eng-d</controlfield><datafield ind1=" " ind2=" " tag="080"><subfield code="a">621.311</subfield></datafield><datafield ind1=" " ind2=" " tag="100"><subfield code="a">Buchhold-happoldt</subfield></datafield><datafield ind1=" " ind2=" " tag="245"><subfield code="a">Elektrische kraftwerke und netze 3-te neubearb eitete auflage</subfield></datafield><datafield ind1=" " ind2=" " tag="260"><subfield code="a">Berlin, Springer Verlag, 1956 Xii + 579 P</subfield></datafield><datafield ind1=" " ind2=" " tag="852"><subfield code="a">12359</subfield></datafield></record></collection>